<record><leader>00000cas a22000007a 4500</leader><controlfield tag="001">12985530</controlfield><controlfield tag="008">860107c19219999wiuwr ne      0    0eng d</controlfield><datafield ind1=" " ind2=" " tag="010"><subfield code="a">sn 86086053 </subfield></datafield><datafield ind1=" " ind2=" " tag="040"><subfield code="a">NPV</subfield><subfield code="b">eng</subfield><subfield code="c">NPV</subfield><subfield code="d">OCLCQ</subfield></datafield><datafield ind1=" " ind2=" " tag="042"><subfield code="a">msc</subfield></datafield><datafield ind1=" " ind2=" " tag="045"><subfield code="a">x2--</subfield></datafield><datafield ind1=" " ind2=" " tag="052"><subfield code="a">4123</subfield><subfield code="b">P5</subfield></datafield><datafield ind1="0" ind2="4" tag="245"><subfield code="a">The Elmwood argus.</subfield></datafield><datafield ind1="1" ind2="3" tag="246"><subfield code="a">Argus</subfield></datafield><datafield ind1=" " ind2=" " tag="260"><subfield code="a">Elmwood, Wis. :</subfield><subfield code="b">Neill Printing</subfield></datafield><datafield ind1=" " ind2=" " tag="300"><subfield code="a">v. :</subfield><subfield code="b">ill.</subfield></datafield><datafield ind1=" " ind2=" " tag="310"><subfield code="a">Weekly</subfield></datafield><datafield ind1="1" ind2=" " tag="362"><subfield code="a">Began with Dec. 8, 1921 issue.</subfield><subfield code="z">Cf. Oehlerts, d. E. Guide to Wis. newspapers.</subfield></datafield><datafield ind1=" " ind2=" " tag="500"><subfield code="a">Publisher varies.</subfield></datafield><datafield ind1=" " ind2=" " tag="500"><subfield code="a">Editors: J.A. Neill, &lt;Oct. 27, 1938&gt;; F.H. Johnson, &lt;Nov. 3, 1949&gt;- Dec. 31, 1959; M.W. Johnson, Jan. 7, 1960-May 4, 1967, Jan. 14, 1971-July 28, 1977; D.E. Kelley, Aug. 4, 1977-</subfield></datafield><datafield ind1=" " ind2=" " tag="525"><subfield code="a">Supplements accompany some issues.</subfield></datafield><datafield ind1=" " ind2=" " tag="530"><subfield code="a">Available on microfilm from The State Historical Society of Wisconsin.</subfield></datafield><datafield ind1=" " ind2=" " tag="588"><subfield code="a">Description based on: Vol. 18, no. 1 (Oct. 27, 1938).</subfield></datafield><datafield ind1=" " ind2=" " tag="752"><subfield code="a">United States</subfield><subfield code="b">Wisconsin</subfield><subfield code="c">Pierce</subfield><subfield code="d">Elmwood.</subfield></datafield><datafield ind1="1" ind2=" " tag="029"><subfield code="a">AU@</subfield><subfield code="b">000025822731</subfield></datafield></record>